@misc {
    deploy_prod,
    key = {01},
    title = {{Prodotto finale}},
    howpublished = {
        \href{https://tcxia.ddns.net/deploy}
        {\underline{\texttt{Link alla pagina}}}
    },
}

@misc {
    video,
    key = {02},
    title = {{Demo del prodotto}},
    howpublished = {
        \href{https://tcxia.ddns.net/taiga/project/team-12/wiki/consegna}
        {\underline{\texttt{Link al wiki su Taiga}}} oppure
        \href{https://tcxia.ddns.net/gitlab/t12/tweet-analysis/-/blob/docs/relazione_finale/artefatti/Demo.mp4}
        {\underline{\texttt{Link al video su Gitlab}}} 
    },
}

@misc {
    deploy_dev,
    key = {03},
    title = {{Ambiente di test}},
    howpublished = {
        \href{https://tcxia.ddns.net/deploy-dev}
        {\underline{\texttt{Link alla pagina}}}
    },
}


@misc {
    timetracker_git,
    key = {04},
    title = {{Repository in cui compilare le ore di lavoro}},
    howpublished = {
        \href{https://tcxia.ddns.net/gitlab/t12/time-tracker}
        {\underline{\texttt{Link al repository}}}
    },
}

@misc {
    timetracker,
    key = {05},
    title = {{Webapp con sintesi delle ore di lavoro}},
    howpublished = {
        \href{https://tcxia.ddns.net/time/}
        {\underline{\texttt{Link alla pagina}}}
    },
}


@misc {
    gqm_scrumble,
    key = {06},
    title = {{GQM Scrumble}},
    howpublished = {
        \href{https://tcxia.ddns.net/taiga/project/team-12/wiki/consegna}
        {\underline{\texttt{Link al wiki su Taiga}}} oppure
        \href{https://tcxia.ddns.net/gitlab/t12/tweet-analysis/-/raw/docs/relazione_finale/artefatti/gqm_scrumble.xlsx?inline=false}
        {\underline{\texttt{Download da Gitlab}}} 
    },
    note = {15 ottobre 2022}
}

@misc {
    gqm_escapetheboom,
    key = {07},
    title = {{GQM Escape the Boom}},
    howpublished = {
        \href{https://tcxia.ddns.net/taiga/project/team-12/wiki/consegna}
        {\underline{\texttt{Link al wiki su Taiga}}} oppure
        \href{https://tcxia.ddns.net/gitlab/t12/tweet-analysis/-/raw/docs/relazione_finale/artefatti/gqm_escape-the-boom.xlsx?inline=false}
        {\underline{\texttt{Download da Gitlab}}}

    },
    note = {30 ottobre 2022}
}


@misc {
    gitinspector,
    key = {08},
    title = {{Statistiche generate da Gitinspector}},
    howpublished = {
        \href{https://tcxia.ddns.net/gitlab/t12/tweet-analysis/-/tree/prof/docs/team12/gitinspector}
        {\underline{\texttt{Link al repository Gitlab}}}
    }
}

@misc {
    wiki_gitlab,
    key = {09},
    title = {{Wiki di Gitlab}},
    howpublished = {
        \href{https://tcxia.ddns.net/gitlab/t12/tweet-analysis/-/wikis/home}
        {\underline{\texttt{Link al wiki su Gitlab}}}
    },
    note = {Documentazione del backend del prodotto}
}

@misc {
    wiki_taiga,
    key = {10},
    title = {{Wiki di Taiga}},
    howpublished = {
        \href{https://tcxia.ddns.net/taiga/project/team-12/wiki/home}
        {\underline{\texttt{Link al wiki su Taiga}}}
    },
    note = {Documentazione degli sprint}
}